@article{se2002mobile,
  title={Mobile robot localization and mapping with uncertainty using scale-invariant visual landmarks},
  author={Se, Stephen and Lowe, David and Little, Jim},
  journal={The international Journal of robotics Research},
  volume={21},
  number={8},
  pages={735--758},
  year={2002},
  publisher={SAGE Publications Sage UK: London, England}
}

@inproceedings{davison2003real,
  title={Real-time simultaneous localisation and mapping with a single camera.},
  author={Davison, Andrew J},
  booktitle={Iccv},
  volume={3},
  pages={1403--1410},
  year={2003}
}

@article{davison2007monoslam,
  title={MonoSLAM: Real-time single camera SLAM},
  author={Davison, Andrew J and Reid, Ian D and Molton, Nicholas D and Stasse, Olivier},
  journal={IEEE Transactions on Pattern Analysis \& Machine Intelligence},
  number={6},
  pages={1052--1067},
  year={2007},
  publisher={IEEE}
}

@article{mur2015orb,
  title={ORB-SLAM: a versatile and accurate monocular SLAM system},
  author={Mur-Artal, Raul and Montiel, Jose Maria Martinez and Tardos, Juan D},
  journal={IEEE transactions on robotics},
  volume={31},
  number={5},
  pages={1147--1163},
  year={2015},
  publisher={IEEE}
}