@TechReport{whitepaper,
  title =        {虚拟（增强）现实白皮书},
  author =       {中国信息通信研究院},
  year =         2017,
  month =        sep,
  url =          "http://www.caict.ac.cn/kxyj/"
}

@book{IEEE-1363,
  author={{IEEE Std 1363-2000}},
  title={{IEEE} Standard Specifications for Public-Key Cryptography},
  address={New York},
  publisher={IEEE},
  year={2000}
}

@inproceedings{kocher99,
  author={C. Kocher and J. Jaffe and B. Jun},
  title={Differential Power Analysis},
  editor={M. Wiener},
  booktitle={Advances in Cryptology ({CRYPTO}~'99)},
  series={Lecture Notes in Computer Science},
  volume={1666},
  pages={388-397},
  publisher={Springer-Verlag},
  month={August},
  year={1999}
}


@INCOLLECTION{Krasnogor2004e,
  AUTHOR = {N. Krasnogor},
  TITLE = {Towards robust memetic algorithms},
  BOOKTITLE = {Recent Advances in Memetic Algorithms},
  PUBLISHER = {Springer Berlin Heidelberg},
  YEAR = {2004},
  PAGES = {185-207},
  EDITOR = {W.E. Hart and N. Krasnogor and J.E. Smith},
  VOLUME = {166},
  SERIES = {Studies in Fuzziness and Soft Computing},  
  ADDRESS = {New York},  
}

@INCOLLECTION{zjsw,
  AUTHOR = {班固},
  TITLE = {苏武传},
  BOOKTITLE = {传记散文英华},
  PUBLISHER = {湖北人民出版社},
  YEAR = {1998},  
  PAGES = {65-69},
  EDITOR = {郑在瀛 and 汪超宏 and 周文复},
  VOLUME = {2},
  SERIES = {新古文观止丛书},  
  ADDRESS = {武汉},
  lang = {zh},
}


@INBOOK{clzs,
  AUTHOR = {阎真},
  TITLE = {沧浪之水},
  CHAPTER = {大人物还是讲人情的},
  PAGES = {185-207},
  PUBLISHER = {人民文学出版社},
  YEAR = {2001},  
  lang = {zh},
}

@Book{tex,
 author    = "Donald E. Knuth",
 title     = "The {\TeX} Book",
 publisher = "Addison-Wesley Publishing Company",
 address   = "Reading, MA",
 year      = 1989,
 edition   = "15th",
}

@Book{companion,
 author    = "Michel Goosens and Frank Mittelbach and Alexander Samarin",
 title     = "The {\LaTeX} Companion",
 publisher = "Addison-Wesley Publishing Company",
 address   = "Reading, MA",
 PAGES = "112--125",
 year      = 1994,
}

@ARTICLE{ELIDRISSI94,
  AUTHOR =       "{Chafik El Idrissi}, M. and {Roney}, A. and {Frigon}, C. and
                  {Larzilli{\`e}re}, M.",
  TITLE =        "Measurements of total kinetic-energy released to the {$N=2$}
                  dissociation limit of {H}$_2$ --- evidence of the dissociation
                  of very high vibrational {R}ydberg states of {H}$_2$ by
                  doubly-excited states",
  JOURNAL =      "Chemical Physics Letters",
  PAGES =        "260-266",
  VOLUME =       224,
  NUMBER =       10,
  YEAR =         1994,
}

@ARTICLE{MELLINGER96,
  AUTHOR =       "Mellinger, A. and Vidal, C. R. and Jungen, Ch.",
  TITLE =        "Laser reduced fluorescence study of the carbon-monoxide nd
                  triplet {R}ydberg series-experimental results and multichannel
                  quantum-defect analysis",
  JOURNAL =      "J. Chem. Phys.",
  PAGES =        "8913-8921",
  VOLUME =       104,
  NUMBER =       5,
  YEAR =         1996,
}

@ARTICLE{SHELL02,
  AUTHOR =       "Michael Shell",
  TITLE =        "How to Use the {IEEEtran \LaTeX} Class",
  JOURNAL =      "Journal of {\LaTeX} Class Files",
  YEAR =         2002,
  VOLUME =       12,
  NUMBER =       4,
  PAGES =        "100--120"
}

@TechReport{NPB2,
  title =        {The {NAS} Parallel Benchmarks 2.0},
  author =       {Alex Woo and David Bailey and Maurice Yarrow and Wijngaart
                  Wijngaart and Tim Harris and William Saphir},
  year =         1995,
  month =        dec # "~05",
  institution =  "The Pennsylvania State University CiteSeer Archives",
  url =          "http://www.nasa.org/"
}

@INPROCEEDINGS{DPMG,
  author =       {Kim, Sangbum and Woo, Namyoon and Yeom, Heon Y. and Park,
                  Taesoon and Park, Hyoungwoo},
  title =        {Design and {I}mplementation of {D}ynamic {P}rocess
                  {M}anagement for {G}rid-enabled {MPICH}},
  booktitle =    {the 10th European PVM/MPI Users' Group Conference},
  year =         2003,
  address =      {Venice, Italy},
  month =        sep,
}

@INPROCEEDINGS{cnproceed,
  author =       {王重阳 and 黄药师 and 欧阳峰 and 洪七公 and 段皇帝},
  title =        {武林高手从入门到精通},
  booktitle =    {第~$N$~次华山论剑},
  year =         2006,
  address =      {西安, 中国},
  month =        sep,
  lang =         "zh",
}

@ARTICLE{cnarticle,
  AUTHOR =       "贾宝玉 and 林黛玉 and 薛宝钗 and 贾探春",
  TITLE =        "论刘姥姥食量大如牛之现实意义",
  JOURNAL =      "红楼梦杂谈",
  PAGES =        "260--266",
  VOLUME =       224,
  YEAR =         1800,
  LANG =         "zh",
}

@MastersThesis{zhubajie,
  author =       {猪八戒},
  title =        {论流体食物的持久保存},
  school =       {广寒宫大学},
  year =         2005,
  address =      {北京},
  lang =         "zh",
}

@PhdThesis{shaheshang,
  author =       {沙和尚},
  title =        {论流沙河的综合治理},
  school =       {清华大学},
  year =         2005,
  address =      {北京},
  lang =         "zh",
}

@MastersThesis{metamori2004,
  author =       {Ashwin Raju Jeyakumar},
  title =        {Metamori: A library for Incremental File Checkpointing},
  school =       {Virgina Tech},
  year =         2004,
  month =        jun # "~21",
  address =      {Blacksburg},
}

@PHDTHESIS{FistSystem01,
  AUTHOR =       "Erez Zadok",
  TITLE =        "{FiST: A System for Stackable File System Code Generation}",
  YEAR =         2001,
  MONTH =        "May",
  SCHOOL =       "Computer Science Department, Columbia University",
  ADDRESS =      "USA"
}

@INBOOK{ColdSources,
  AUTHOR =       {P. Gr{\"o}ning and L. Nilsson and P. Ruffieux and R.
                  Clergereaux and O. Gr{\"o}ning},
  TITLE =        {Encyclopedia of Nanoscience and Nanotechnology},
  pages =        {547--579},
  PUBLISHER =    {American Scientific Publishers},
  YEAR =         2004,
  volume =       1,
}

@article{BogdanSLOPEAdaptiveVariable2014,
  title = {{{SLOPE}}\textendash{}{{Adaptive Variable Selection}} via {{Convex Optimization}}},
  journal = {arXiv preprint arXiv:1407.3824},
  author = {Bogdan, Malgorzata and van den Berg, Ewout and Sabatti, Chiara and Su, Weijie and Candes, Emmanuel J.},
  year = {2014},
  language = {en}
}

@inproceedings{GossmannIdentificationsignificantgenetic2015,
  title = {Identification of Significant Genetic Variants via {{SLOPE}}, and Its Extension to Group {{SLOPE}}},
  booktitle = {Proceedings of the 6th {{ACM Conference}} on {{Bioinformatics}}, {{Computational Biology}} and {{Health Informatics}}},
  publisher = {{ACM}},
  author = {Gossmann, Alexej and Cao, Shaolong and Wang, Yu-Ping},
  year = {2015},
  pages = {232--240},
  language = {en}
}

@inproceedings{AlbrechtTopologicalapproachfuzzy1999,
  title = {Topological Approach to Fuzzy Sets and Fuzzy Logic},
  booktitle = {Artificial {{Neural Nets}} and {{Genetic Algorithms}}},
  publisher = {{Springer}},
  author = {Albrecht, R. F.},
  year = {1999},
  pages = {1--7},
  language = {en}
}

@book{AlbrechtTopologicalConceptsHierarchies2001,
  title = {Topological {{Concepts}} for {{Hierarchies}} of {{Variables}}, {{Types}} and {{Controls}}},
  publisher = {{Springer}},
  author = {Albrecht, Rudolf F.},
  year = {2001},
  language = {en}
}

@incollection{AlbrechtTopologicaltheoryfuzziness1999,
  title = {Topological Theory of Fuzziness},
  booktitle = {Computational {{Intelligence}}},
  publisher = {{Springer}},
  author = {Albrecht, Rudolf F.},
  year = {1999},
  pages = {1--11},
  language = {en}
}

@article{MoriasiModelevaluationguidelines2007,
  title = {Model Evaluation Guidelines for Systematic Quantification of Accuracy in Watershed Simulations},
  volume = {50},
  number = {3},
  journal = {Trans. Asabe},
  author = {Moriasi, D. N. and Arnold, J. G. and Van Liew, M. W. and Bingner, R. L. and Harmel, R. D. and Veith, T. L.},
  year = {2007},
  pages = {885--900},
  language = {en}
}

@misc{Jdatamodels2003,
  title = {Of Data and Models.},
  language = {en},
  howpublished = {http://www.iwaponline.com/jh/005/jh0050075.htm},
  author = {J, Cunge},
  month = apr,
  year = {2003},
  keywords = {经验论文，当博客读,特别有用}
}


@inproceedings{BrachmannUncertaintyDriven6DPose2016,
  title = {Uncertainty-{{Driven 6D Pose Estimation}} of {{Objects}} and {{Scenes}} from a {{Single RGB Image}}},
  isbn = {978-1-4673-8851-1},
  doi = {10.1109/CVPR.2016.366},
  abstract = {In recent years, the task of estimating the 6D pose of object instances and complete scenes, i.e. camera localization, from a single input image has received considerable attention. Consumer RGB-D cameras have made this feasible, even for difficult, texture-less objects and scenes. In this work, we show that a single RGB image is sufficient to achieve visually convincing results. Our key concept is to model and exploit the uncertainty of the system at all stages of the processing pipeline. The uncertainty comes in the form of continuous distributions over 3D object coordinates and discrete distributions over object labels. We give three technical contributions. Firstly, we develop a regularized, auto-context regression framework which iteratively reduces uncertainty in object coordinate and object label predictions. Secondly, we introduce an efficient way to marginalize object coordinate distributions over depth. This is necessary to deal with missing depth information. Thirdly, we utilize the distributions over object labels to detect multiple objects simultaneously with a fixed budget of RANSAC hypotheses. We tested our system for object pose estimation and camera localization on commonly used data sets. We see a major improvement over competing systems.},
  language = {en},
  publisher = {{IEEE}},
  author = {Brachmann, Eric and Michel, Frank and Krull, Alexander and Yang, Michael Ying and Gumhold, Stefan and Rother, Carsten},
  month = jun,
  year = {2016},
  pages = {3364-3372},
  file = {C:\\Users\\ChenCe\\Zotero\\storage\\ZEHCXU6W\\Brachmann 等。 - 2016 - Uncertainty-Driven 6D Pose Estimation of Objects a.pdf},
  lang = {en}
}

@article{LoweDistinctiveimagefeatures2004,
  title = {Distinctive Image Features from Scale-Invariant Keypoints},
  volume = {60},
  number = {2},
  journal = {International journal of computer vision},
  author = {Lowe, David G.},
  year = {2004},
  pages = {91--110},
  file = {C:\\Users\\ChenCe\\Zotero\\storage\\TARYEQ23\\BVISI.0000029664.99615.html},
  lang = {en}
}

@article{TuAutocontextitsapplication2010,
  title = {Auto-Context and Its Application to High-Level Vision Tasks and 3d Brain Image Segmentation},
  volume = {32},
  number = {10},
  journal = {IEEE Transactions on Pattern Analysis and Machine Intelligence},
  author = {Tu, Zhuowen and Bai, Xiang},
  year = {2010},
  pages = {1744--1757},
  file = {C:\\Users\\ChenCe\\Zotero\\storage\\8UAMEYPC\\Tu 和 Bai - 2010 - Auto-context and its application to high-level vis.pdf;C:\\Users\\ChenCe\\Zotero\\storage\\C3Z98RZG\\5342426.html},
  lang = {en}
}

@inproceedings{BrachmannLearning6dobject2014,
  title = {Learning 6d Object Pose Estimation Using 3d Object Coordinates},
  booktitle = {European Conference on Computer Vision},
  publisher = {{Springer}},
  author = {Brachmann, Eric and Krull, Alexander and Michel, Frank and Gumhold, Stefan and Shotton, Jamie and Rother, Carsten},
  year = {2014},
  pages = {536--551},
  file = {C:\\Users\\ChenCe\\Zotero\\storage\\ECKSUAUB\\Brachmann 等。 - 2014 - Learning 6d object pose estimation using 3d object.pdf;C:\\Users\\ChenCe\\Zotero\\storage\\STQTDDA5\\978-3-319-10605-2_35.html},
  lang = {en}
}

@inproceedings{ShottonScenecoordinateregression2013,
  title = {Scene Coordinate Regression Forests for Camera Relocalization in {{RGB}}-{{D}} Images},
  booktitle = {Computer {{Vision}} and {{Pattern Recognition}} ({{CVPR}}), 2013 {{IEEE Conference}} On},
  publisher = {{IEEE}},
  author = {Shotton, Jamie and Glocker, Ben and Zach, Christopher and Izadi, Shahram and Criminisi, Antonio and Fitzgibbon, Andrew},
  year = {2013},
  pages = {2930--2937},
  file = {C:\\Users\\ChenCe\\Zotero\\storage\\UG4KGDCD\\Shotton 等。 - 2013 - Scene coordinate regression forests for camera rel.pdf;C:\\Users\\ChenCe\\Zotero\\storage\\XEGWDU2X\\Shotton 等。 - 2013 - Scene coordinate regression forests for camera rel.pdf},
  lang = {en}
}

@inproceedings{TaylorvitruvianmanifoldInferring2012,
  title = {The Vitruvian Manifold: {{Inferring}} Dense Correspondences for One-Shot Human Pose Estimation},
  shorttitle = {The Vitruvian Manifold},
  booktitle = {Computer {{Vision}} and {{Pattern Recognition}} ({{CVPR}}), 2012 {{IEEE Conference}} On},
  publisher = {{IEEE}},
  author = {Taylor, Jonathan and Shotton, Jamie and Sharp, Toby and Fitzgibbon, Andrew},
  year = {2012},
  pages = {103--110},
  file = {C:\\Users\\ChenCe\\Zotero\\storage\\Q6KB8RMP\\Taylor 等。 - 2012 - The vitruvian manifold Inferring dense correspond.pdf},
  lang = {en}
}

@inproceedings{YeFastHierarchicalTemplate2016,
  title = {Fast {{Hierarchical Template Matching Strategy}} for {{Real}}-{{Time Pose Estimation}} of {{Texture}}-{{Less Objects}}},
  booktitle = {International {{Conference}} on {{Intelligent Robotics}} and {{Applications}}},
  publisher = {{Springer}},
  author = {Ye, Chaoqiang and Li, Kai and Jia, Lei and Zhuang, Chungang and Xiong, Zhenhua},
  year = {2016},
  pages = {225--236},
  lang = {en}
}

@misc{albertoprettod2co,
  title = {Alberto\_pretto / D2co},
  abstract = {Git repository hosted by Bitbucket.},
  language = {en},
  howpublished = {https://bitbucket.org/alberto\_pretto/d2co},
  lang = {en}
}

@inproceedings{ImperoliCOFastRobust2015,
  title = {D \$ \$\^\$\{\$2\$\}\$ \$ \$ {{CO}}: {{Fast}} and {{Robust Registration}} of {{3D Textureless Objects Using}} the {{Directional Chamfer Distance}}},
  shorttitle = {D \$ \$\^\$\{\$2\$\}\$ \$ \$ {{CO}}},
  booktitle = {International {{Conference}} on {{Computer Vision Systems}}},
  publisher = {{Springer}},
  author = {Imperoli, Marco and Pretto, Alberto},
  year = {2015},
  pages = {316--328},
  file = {C:\\Users\\ChenCe\\Zotero\\storage\\CI9PH6CT\\Imperoli 和 Pretto - 2015 - D $ $^$ $2$ $ $ $ CO Fast and Robust Registration.pdf},
  lang = {en}
}

@masterthesis{YangMiaoZuNuGuanShouYiKuanShiJieGouZhuangShiFengGeJiQiYingYong2018,
  type = {硕士},
  title = {苗族女贯首衣款式结构、装饰风格及其应用},
  school = {北京服装学院},
  author = {杨, 焱},
  year = {2018},
  lang = {zh}
}

@masterthesis{ZhuQiangFengZuoYongXiaGangBanCangDeFengYaJiJieGouDeYouXianYuanFenXi2018,
  address = {江苏},
  type = {硕士},
  title = {强风作用下钢板仓的风压及结构的有限元分析},
  school = {扬州大学},
  author = {朱, 延年},
  year = {2018},
  lang = {zh}
}

@masterthesis{JiangDuoKongTanDeJieGouSheJiJiQiChaoJiDianRongQiXingNengYanJiu2018,
  type = {硕士},
  title = {多孔碳的结构设计及其超级电容器性能研究},
  school = {扬州大学},
  author = {蒋, 坤},
  year = {2018},
  lang = {zh}
}

@phdthesis{Fu46SuiChengXiangYouErQianKeXueGaiNianDeYanJiu2016,
  type = {{博士}},
  title = {{4-6岁城乡幼儿前科学概念的研究}},
  abstract = {皮亚杰认知发展理论认为,认知发展阶段是领域普遍性的,处于前运算阶段的幼儿既无演绎推理,也无归纳推理,对事物的认知不是从事物本身的特点及其内部关系出发,而是表现出``泛灵论''倾向,受限于知觉相似性和自我中心思维。领域特殊性和朴素理论的研究者有力的批判了对幼儿认知能力的低估倾向,幼儿也能将世界组织成有意义的范畴,儿童早期的概念不单单依赖于知觉外表,而且常常反映了某个范畴的成员间比较深层的不那么明显的关系。幼儿在生命科学领域具有较丰富的前科学概念,逐渐形成一个类似``理论''的知识体系,虽然不是真正的科学理论,但具有理论的性质和功能,能用于解释和预测特定领域中的现象。幼儿的前科学概念,即指幼儿的朴素概念、自发概念或日常概念,是在正式的科学概念学习之前,幼儿通过日常生活中各种途径所形成的对事物、事件和现象的理解、分类、解释与预测,以直观思维为主,体现了抽象思维的初步发展。前科学概念能帮助儿童将具体、丰富、零散、孤立的科学经验转化为概念化的认识结构。前科学概念是初级形态的概念,与科学概念的区别具有相对性,很难找出明显的分界线。前科学概念的研究是儿童认知发展研究和科学教育研究的重要部分,研究幼儿的前科学概念有利于深入理解幼儿科学认知的发展水平与特征,对幼儿科学素养启蒙有重要的教育启示。本研究从生老病死的生命过程现象出发,选择代表生命过程的四个基本概念\textemdash\textemdash遗传、生长、生病和死亡,从三种类型的生命体\textemdash\textemdash动物、植物、人体,结合图片和情境设计12个临床访谈题目。从三所城市幼儿园和三所农村幼儿园临床访谈159名4-6岁幼儿。本研究从判断水平和解释水平两个方面探索幼儿前科学概念的发展水平。根据幼儿对生命现象的认知理解程度和正确性,对幼儿的解释划分为五个水平,由低到高依次赋予0至4分。从城乡差异、年龄段差异、子概念的认知差异、生命体类型差异等方面对前科学概念的发展水平进行分析和比较。研究发现：幼儿的前科学概念总体水平年龄段差异显著,虽然总体水平城乡差异不显著,但是幼儿对生病现象的解释水平城乡差异显著；幼儿对动物认知水平与对植物认知水平差异不显著,对人体的认知水平显著高于对动植物的认知水平;幼儿的生命概念认知是不同步的,对生长的认知得分最好,死亡次之,之后是生病和遗传。城乡幼儿前科学概念的共同特征是：领域普遍性与领域特殊性共同制约幼儿的前科学概念；前科学概念中有迷思概念；对生命现象持多元解释方式,幼儿对生命现象的解释方式主要有活力论、本质论、环境论、行为论和目的论,能根据不同的生命现象以某种解释方式为主,以其它解释方式为补充。城乡生活环境差异对幼儿前科学概念的发展水平和特征有影响,城市幼儿的前科学概念更多来自于间接经验,农村幼儿的前科学概念更多来自于直接经验,城市幼儿相比农村幼儿有更明显的拟人化思维。前科学概念是生态系统综合影响的结果,前科学概念的获得方式是多元的。日常感受的作用最为重要,电视网络媒体对前科学概念既有正面影响也有负面影响。教师和家长对幼儿的前科学概念有一定影响,但科学教育效能有待改进。幼儿自身特点也有很大影响,其中幼儿科学思维的特征、知识经验和认知潜能是影响前科学概念的重要因素。基于$\ElsevierGlyph{300A}$3-6岁儿童学习与发展指南$\ElsevierGlyph{300B}$,本研究编制了幼儿生命科学教育的家长自评问卷和教师自评问卷。研究表明：教师自评总分城乡差异显著,但幼儿前科学概念总体水平城乡差异不显著,教师的科学教育效能有待改进。家长自评总分与幼儿前科学概念总体水平相关不显著,父母职业和家庭经济收入对幼儿前科学概念总体水平的影响不显著,但是父母学历和主要抚养人的影响显著。发展前科学概念需要保障和完善幼儿科学教育条件：保障电视网络媒体内容的科学性与教育性,家长科学素养的提高,城乡学前教育一体化的合理发展,教师科学教育效能的有效提升以及社区科学教育资源的有力支持。在实证研究和理论研究的基础上,本研究提出幼儿科学教育的价值取向：目标整合性、发展适宜性、领域渗透性、生活性、家园合作、探究性。基于研究的过程与结论,本研究提出发展前科学概念的幼儿科学教育策略：尊重和探查幼儿的前科学概念,注重正式科学课程与非正式科学课程的结合,合理运用概念转变策略,平衡科学经验与科学概念发展的关系,引导幼儿理解人类、动植物与环境的相互依赖关系,合理对待科学认知中的拟人化思维。},
  language = {中文;},
  school = {东北师范大学},
  author = {符, 太胜},
  year = {2016},
  keywords = {领域特殊性,朴素理论,前科学概念,生命科学,幼儿科学教育,Child Science Education,Domain-specificity,life sciences,Naive Theory,Pre-scientific conceptions},
  lang = {zh}
}

@phdthesis{ZhangDuoFaXingYingHuaZhengTeZhengXingJiYinDeShaiXuanJiSAMGSRSuanFaZaiTeZhengFenXiZhongDeYingYong2017,
  type = {{博士}},
  title = {{多发性硬化症特征性基因的筛选及SAM-GSR算法在特征分析中的应用}},
  abstract = {多发性硬化症(multiple sclerosis,MS)是常发生在发生于年轻人中枢神经系统脱髓鞘疾病,该病属于自身免疫性疾病的一种,复发率和致残率均较高。成年女性患病多于男性。MS是遗传因素与环境因素共同作用发生的,由病理性免疫激活引发的炎症和神经退行性变是引起该疾病的主要原因。目前虽然已有一些诊断方法,如核磁共振成像技术,及较为成熟的治疗方法,包括急性复发管理,疾病修复治疗和对症状治疗等,但是关于MS的大部分的病理机制仍然不清楚,因此也没有十分有效的治疗手段。本研究的主要目的是通过生物信息学分析方法挖掘与MS疾病具有较强关联的特征基因,并结合基因的功能和通路分析研究疾病的具体致病机制。此外,特征选择已广泛在生物信息学中得到应用并有重要进展,目前已有一些方法,但是都存在一些缺陷,特别是对于单基因的特征分析时准确性不高。因此,本研究还探索了分析基因的特征选择算法SAM-GSR的可行性,并尝试对该算法进行了优化以获得更理想的疾病特征选择方法。首先,在多发性硬化症的研究中,我们从EBI数据库中下载E-MTAB-69和E-GEOD-17048与MS疾病相关的基因表达谱数据。将E-MTAB-69数据集作为主分析数据集,而E-GEOD-17048则作为后期重要特征基因的验证数据集。然后对数据进行了预处理,并对基因表达数据进行分析,在主分析数据集E-MTAB-69中筛选显著差异表达基因。对差异表达基因进行双向层次聚类,然后将基因按照logFC值分为上调和下调表达两个集合,并进行GO功能富集分析,随后采用WGCNA算法筛选疾病相关模块及基因,并对疾病相关模块中基因进行共表达网络分析。利用miR2Disease数据库搜索与MS直接关联的miRNA及miRNA的靶标基因,并搜索与靶基因显著相关的药物小分子。接下来以验证数据集E-GEOD-17048对重要基因集合进行优化选择。结果发现在E-MATB-69数据集中共筛选到391个显著下调和383个显著上调表达的基因。双向层次聚类热图显示筛选得到的差异表达基因具有样本特征性。功能富集分析结果表明上调基因集主要富集在细胞形态发生及血管生成等GO条目,及PPAR和Notch信号通路;而下调基因集主要与激酶活性调节、细胞骨架及粘着斑相关。WGCNA算法分析后共得到5个模块与疾病的相关形态超过了0.9,并涉及533个差异表达基因。从共表达网络挖掘到5个功能模块中的基因主要与细胞组织、信号传导、多细胞生物学过程、细胞分化及核质运输相关。此外,共得到了13个与MS相关的miRNA并构建了miRNA调控网络,还利用WebGestalt共搜索得到8个与基因显著相关的药物分子。在对E-MATB-69完成上述分析的基础上,我们使用E-GEOD-17048作为验证数据集对所得到的重要基因集合进行优化选择,并最终获得了6个最优基因组合:CASKIN2,VEZF1,AL3ST2,DCLRE1C,TGS1,PPP2R3A,此6个基因构建的SVM能够较为准确地识别样本,且在验证数据集中具有同样优越的判定效果。在研究的第二部分,同样使用了从ArrayExpress基因表达数据库下载的E-MTAB-69芯片数据,另外,还使用了从IMPROVER MS sub-challenge获得第二个数据集(sbv数据集)。我们根据c2和c5两种类别对数据进行分析,首先对样本进行标准化,并获得基因差异表达倍数。随后使用SAM-GSR算法进行特征选择,并使用测试集来评估该最终模型的预测性能。同时,还对SAM-GSR算法进行优化改良并进行特征选择。随后,使用了四个指标,即信念混淆度量(BCM),精确回归曲线下面积(AUPR),广义贝尔评分(GBS)和误差率,来评估两种算法作为分类器的性能。最后使用R语言对结果进行统计分析。结果显示除了AURP指标外,其他所有性能统计均显示改良后的SAM-GSR算法的性能优于SAM-GSR算法,对数据集进行替换后,结果同样显示了改良后的SAM-GSR算法的优越性。另外,通过与文献中的一些MS诊断特征进行比较发现,改良后的SAM-GSR分析的结果优于大部分的其他结果。另外采用腺癌数据集对两种SAM-GSR算法进行验证显示改良的SAM-GSR算法优于其他四种算法结论:1.DCLRE1C,PPP2R3A及VEZF1可能通过调节炎症免疫反应、介导蛋白质的磷酸化及血管生成过程参与MS的发生发展。这三种新发现的MS相关基因可能作为药物标靶分子,并在以后的疾病治疗及监控中起到重要的作用。2.我们的研究结果表明,SAM-GSR算法可以进行疾病特征选择,而改良的SAM-GSR算法胜过SAM-GSR算法。考虑到通路信息不完整,因此能够构建生物意义的基因网络的统计学方法非常有意义,同时也需要在未来的工作中不断重新评估两种SAM-GSR算法,从而更好地进行特征选择。},
  language = {中文;},
  school = {吉林大学},
  author = {张, 雷},
  year = {2017},
  keywords = {多发性硬化症,基因表达谱,特征基因,feature genes,gene expression profiles,Multiple sclerosis,SAM-GSR algorithms,SAM-GSR算法},
  lang = {zh}
}

@inproceedings{TaylorvitruvianmanifoldInferring2012a,
  title = {The Vitruvian Manifold: {{Inferring}} Dense Correspondences for One-Shot Human Pose Estimation},
  shorttitle = {The Vitruvian Manifold},
  booktitle = {Computer {{Vision}} and {{Pattern Recognition}} ({{CVPR}}), 2012 {{IEEE Conference}} On},
  publisher = {{IEEE}},
  author = {Taylor, Jonathan and Shotton, Jamie and Sharp, Toby and Fitzgibbon, Andrew},
  year = {2012},
  pages = {103--110},
  file = {C:\\Users\\ChenCe\\Zotero\\storage\\AAZKHLDF\\Taylor 等。 - 2012 - The vitruvian manifold Inferring dense correspond.pdf},
  lang = {en}
}

@misc{BesucheradresseHomepageEricBrachmann,
  type = {{Document}},
  title = {{Homepage von Eric Brachmann}},
  abstract = {Since November 2017, I'm Research Associate in the Visual Learning Lab, Heidelberg University. This website is not maintained anymore. 
 
NEWS 
 
2017-04-26: The DSAC code (CVPR 17)~is now \ldots{}},
  language = {de},
  howpublished = {https://tu-dresden.de/ing/informatik/smt/cgv/die-professur/mitarbeiter/eric\_brachmann/?set\_language=de},
  journal = {TU Dresden},
  author = {work Besucheradresse, \textcopyright{} Ludwig Schmutzler Mitarbeiter Name Dipl-Medieninf Eric Brachmann E.-Mail senden Kontaktinformationen Organisationsname Professur f{\"u}r Computergraphik und Visualisierung Professur f{\"u}r Computergraphik und Visualisierung Adresse and {reas-Pfitzmann-Bau}},
  lang = {en}
}

@article{BrachmannUncertaintyDriven6DPose,
  title = {Uncertainty-{{Driven 6D Pose Estimation}} of {{Objects}} and {{Scenes}} from a {{Single RGB Image}} - {{Supplementary Material}} -},
  language = {en},
  author = {Brachmann, Eric and Michel, Frank and Krull, Alexander and Yang, Michael Ying and Gumhold, Stefan and Rother, Carsten and Dresden, TU},
  pages = {6},
  file = {C:\\Users\\ChenCe\\Zotero\\storage\\Y3MP4L4W\\Brachmann 等。 - Uncertainty-Driven 6D Pose Estimation of Objects a.pdf},
  lang = {en}
}

@article{LiuFastobjectlocalization2012,
  title = {Fast Object Localization and Pose Estimation in Heavy Clutter for Robotic Bin Picking},
  volume = {31},
  number = {8},
  journal = {The International Journal of Robotics Research},
  author = {Liu, Ming-Yu and Tuzel, Oncel and Veeraraghavan, Ashok and Taguchi, Yuichi and Marks, Tim K. and Chellappa, Rama},
  year = {2012},
  pages = {951--973},
  file = {C:\\Users\\ChenCe\\Zotero\\storage\\U8PR2TCT\\Liu 等。 - 2012 - Fast object localization and pose estimation in he.pdf},
  lang = {en}
}

@inproceedings{LiuFastdirectionalchamfer2010,
  title = {Fast Directional Chamfer Matching},
  isbn = {978-1-4244-6984-0},
  doi = {10.1109/CVPR.2010.5539837},
  abstract = {We study the object localization problem in images given a single hand-drawn example or a gallery of shapes as the object model. Although many shape matching algorithms have been proposed for the problem over the decades, chamfer matching remains to be the preferred method when speed and robustness are considered. In this paper, we significantly improve the accuracy of chamfer matching while reducing the computational time from linear to sublinear (shown empirically). Specifically, we incorporate edge orientation information in the matching algorithm such that the resulting cost function is piecewise smooth and the cost variation is tightly bounded. Moreover, we present a sublinear time algorithm for exact computation of the directional chamfer matching score using techniques from 3D distance transforms and directional integral images. In addition, the smooth cost function allows to be bound the cost distribution of large neighborhoods and skip the bad hypotheses within. Experiments show that the proposed approach improves the speed of the original chamfer matching upto an order of 45x, and it is much faster than many state of art techniques while the accuracy is comparable.},
  language = {en},
  publisher = {{IEEE}},
  author = {Liu, Ming-Yu and Tuzel, Oncel and Veeraraghavan, Ashok and Chellappa, Rama},
  month = jun,
  year = {2010},
  pages = {1696-1703},
  file = {C:\\Users\\ChenCe\\Zotero\\storage\\33H2NCMJ\\Liu 等。 - 2010 - Fast directional chamfer matching.pdf},
  lang = {en}
}

@inproceedings{RauterGPUacceleratedfast2012,
  title = {A {{GPU}} Accelerated Fast Directional Chamfer Matching Algorithm and a Detailed Comparison with a Highly Optimized Cpu Implementation},
  booktitle = {Computer {{Vision}} and {{Pattern Recognition Workshops}} ({{CVPRW}}), 2012 {{IEEE Computer Society Conference}} On},
  publisher = {{IEEE}},
  author = {Rauter, Michael and Schreiber, David},
  year = {2012},
  pages = {68--75},
  file = {C:\\Users\\ChenCe\\Zotero\\storage\\V66YX7VM\\Rauter 和 Schreiber - 2012 - A GPU accelerated fast directional chamfer matchin.pdf},
  lang = {en}
}

@article{ImperoliActivedetectionlocalization2016,
  title = {Active Detection and Localization of Textureless Objects in Cluttered Environments},
  journal = {arXiv preprint arXiv:1603.07022},
  author = {Imperoli, Marco and Pretto, Alberto},
  year = {2016},
  file = {C:\\Users\\ChenCe\\Zotero\\storage\\FDSBUHHZ\\Imperoli 和 Pretto - 2016 - Active detection and localization of textureless o.pdf;C:\\Users\\ChenCe\\Zotero\\storage\\QXDFHI8L\\1603.html},
  lang = {en}
}

@article{LiuExtremeTrustRegion2018,
  title = {Extreme {{Trust Region Policy Optimization}} for {{Active Object Recognition}}},
  journal = {IEEE Transactions on Neural Networks and Learning Systems},
  author = {Liu, Huaping and Wu, Yupei and Sun, Fuchun},
  year = {2018},
  lang = {en}
}

@article{TejaniLatentClassHoughForests2018,
  title = {Latent-{{Class Hough Forests}} for 6 {{DoF Object Pose Estimation}}},
  volume = {40},
  number = {1},
  journal = {IEEE transactions on pattern analysis and machine intelligence},
  author = {Tejani, Alykhan and Kouskouridas, Rigas and Doumanoglou, Andreas and Tang, Danhang and Kim, Tae-Kyun},
  year = {2018},
  pages = {119--132},
  lang = {en}
}
